<record><leader>00000cas a22000007a 4500</leader><controlfield tag="001">11140997</controlfield><controlfield tag="008">840911d18731886ohuwr ne      0    0eng d</controlfield><datafield ind1=" " ind2=" " tag="010"><subfield code="a">sn 84028519 </subfield></datafield><datafield ind1=" " ind2=" " tag="040"><subfield code="a">NPY</subfield><subfield code="b">eng</subfield><subfield code="c">NPY</subfield><subfield code="d">OCL</subfield><subfield code="d">NPX</subfield><subfield code="d">NPY</subfield><subfield code="d">NPU</subfield><subfield code="d">ONP</subfield><subfield code="d">MGN</subfield><subfield code="d">OCLCQ</subfield></datafield><datafield ind1=" " ind2=" " tag="042"><subfield code="a">msc</subfield></datafield><datafield ind1="0" ind2=" " tag="130"><subfield code="a">Ohio liberal (Mansfield, Ohio : 1873)</subfield></datafield><datafield ind1="1" ind2="4" tag="245"><subfield code="a">The Ohio liberal.</subfield></datafield><datafield ind1=" " ind2=" " tag="260"><subfield code="a">Mansfield, Ohio :</subfield><subfield code="b">Liberal Pub. Co.,</subfield><subfield code="c">1873-</subfield></datafield><datafield ind1=" " ind2=" " tag="300"><subfield code="a">v. ;</subfield><subfield code="c">56-63 cm.</subfield></datafield><datafield ind1=" " ind2=" " tag="310"><subfield code="a">Weekly</subfield></datafield><datafield ind1="0" ind2=" " tag="362"><subfield code="a">Vol. 1, no. 1 (Apr. 9, 1873)-</subfield></datafield><datafield ind1="1" ind2=" " tag="362"><subfield code="a">Ceased in Mar. 1886. Cf. Gutgesell, S. Guide to Ohio newspapers, 1974.</subfield></datafield><datafield ind1=" " ind2=" " tag="500"><subfield code="a">"That government is best which governs least."</subfield></datafield><datafield ind1=" " ind2=" " tag="500"><subfield code="a">Independent, 1873-1876; Democratic, 1876-1885. Cf. Gutgesell, S. Guide to Ohio newspapers, 1974.</subfield></datafield><datafield ind1=" " ind2=" " tag="752"><subfield code="a">United States</subfield><subfield code="b">Ohio</subfield><subfield code="c">Richland</subfield><subfield code="d">Mansfield.</subfield></datafield><datafield ind1="0" ind2="7" tag="785"><subfield code="t">Weekly news (Mansfield, Ohio : 1885)</subfield></datafield><datafield ind1="0" ind2="7" tag="785"><subfield code="t">Weekly news and Ohio liberal</subfield><subfield code="w">(DLC)sn 91069057</subfield></datafield></record>